<record><leader>00000cas a22000007a 4500</leader><controlfield tag="001">31799555</controlfield><controlfield tag="008">950111d189u19uuncuwr ne      0    0eng d</controlfield><datafield ind1=" " ind2=" " tag="010"><subfield code="a">sn 94058271 </subfield></datafield><datafield ind1=" " ind2=" " tag="040"><subfield code="a">NVJ</subfield><subfield code="b">eng</subfield><subfield code="c">NVJ</subfield><subfield code="d">OCLCQ</subfield></datafield><datafield ind1=" " ind2=" " tag="042"><subfield code="a">msc</subfield></datafield><datafield ind1="0" ind2="0" tag="245"><subfield code="a">Black Mountain eagle.</subfield></datafield><datafield ind1=" " ind2=" " tag="260"><subfield code="a">Burnsville, Yancey Co., N.C. :</subfield><subfield code="b">Eagle Print. Co.</subfield></datafield><datafield ind1=" " ind2=" " tag="300"><subfield code="a">v.</subfield></datafield><datafield ind1=" " ind2=" " tag="310"><subfield code="a">Weekly</subfield></datafield><datafield ind1=" " ind2=" " tag="588"><subfield code="a">Description based on: Vol. 2, no. 4 (June 30, 1897).</subfield></datafield><datafield ind1=" " ind2=" " tag="752"><subfield code="a">United States</subfield><subfield code="b">North Carolina</subfield><subfield code="c">Yancey</subfield><subfield code="d">Burnsville.</subfield></datafield><datafield ind1="0" ind2="0" tag="785"><subfield code="t">Eagle (Burnsville, N.C.)</subfield><subfield code="w">(DLC)sn 94058272</subfield></datafield></record>